@misc{UCI ,
author = "Dheeru, Dua and Karra Taniskidou, Efi",
year = "2017",
title = "{UCI} Machine Learning Repository",
howpublished = "\url{http://archive.ics.uci.edu/ml}",
institution = "University of California, Irvine, School of Information and Computer Sciences"
}

@article{article,
author = {Masud, Mehedy and Khan, Latifur and Thuraisingham, Bhavani},
year = {2007},
month = {06},
pages = {1443-1448},
title = {A Hybrid Model to Detect Malicious Executables},
doi = {10.1109/ICC.2007.242}
}

@article{sklearn,
 title={Scikit-learn: Machine Learning in {P}ython},
 author={Pedregosa, F. and Varoquaux, G. and Gramfort, A. and Michel, V.
         and Thirion, B. and Grisel, O. and Blondel, M. and Prettenhofer, P.
         and Weiss, R. and Dubourg, V. and Vanderplas, J. and Passos, A. and
         Cournapeau, D. and Brucher, M. and Perrot, M. and Duchesnay, E.},
 journal={Journal of Machine Learning Research},
 volume={12},
 pages={2825--2830},
 year={2011}
}